@book{alpaydin2014introduction,
  title={Introduction to machine learning},
  author={Alpaydin, Ethem},
  year={2014},
  publisher={MIT press}
}%[1]
@book{ZhihuaZHOU2016introduction,
  title={Machine Learning},
  author={Zhihua Zhou},
  year={2016},
  publisher={Tsinghua university press}
}%[2]
@article{bengio2009learning,
  title={Learning deep architectures for AI},
  author={Bengio, Yoshua and others},
  journal={Foundations and trends in Machine Learning},
  volume={2},
  number={1},
  pages={1--127},
  year={2009},
  publisher={Now Publishers, Inc.}
}%[3]
@article{dean2008mapreduce,
  title={MapReduce: simplified data processing on large clusters},
  author={Dean, Jeffrey and Ghemawat, Sanjay},
  journal={Communications of the ACM},
  volume={51},
  number={1},
  pages={107--113},
  year={2008},
  publisher={ACM}
}%[4]
@article{zaharia2010spark,
  title={Spark: Cluster Computing with Working Sets.},
  author={Zaharia, Matei and Chowdhury, Mosharaf and Franklin, Michael J and Shenker, Scott and Stoica, Ion},
  journal={HotCloud},
  volume={10},
  number={10-10},
  pages={95},
  year={2010}
}%[5]
@article{gray1997data,
  title={Data cube: A relational aggregation operator generalizing group-by, cross-tab, and sub-totals},
  author={Gray, Jim and Chaudhuri, Surajit and Bosworth, Adam and Layman, Andrew and Reichart, Don and Venkatrao, Murali and Pellow, Frank and Pirahesh, Hamid},
  journal={Data mining and knowledge discovery},
  volume={1},
  number={1},
  pages={29--53},
  year={1997},
  publisher={Springer}
}%[groupby a relational aggregation]
@article{stephens2005oracle,
  title={Oracle Database 10g: a platform for BLAST search and Regular Expression pattern matching in life sciences},
  author={Stephens, Susie M and Chen, Jake Y and Davidson, Marcel G and Thomas, Shiby and Trute, Barry M},
  journal={Nucleic Acids Research},
  volume={33},
  number={suppl 1},
  pages={D675--D679},
  year={2005},
  publisher={Oxford Univ Press}
}%[6]
@inproceedings{nasir2015power,
  title={The power of both choices: Practical load balancing for distributed stream processing engines},
  author={Nasir, Muhammad Anis Uddin and Morales, Gianmarco De Francisci and Garc{\'\i}a-Soriano, David and Kourtellis, Nicolas and Serafini, Marco},
  booktitle={Data Engineering (ICDE), 2015 IEEE 31st International Conference on},
  pages={137--148},
  year={2015},
  organization={IEEE}
}%[7]
@misc{MySQLGROUPBYOptimization,
author = {MySQL Enterprise},
title = {GROUP BY Optimization},
howpublished = {\url{https://dev.mysql.com/doc/refman/5.7/en/group-by-optimization.html}},
year = {2016}
}%[8]
@article{mysql2009mysql,
  title={Mysql 5.1 reference manual, 2006},
  author={MySQL, AB},
  journal={Accessible in URL: http://dev. mysql. com/doc},
  year={2009}
}%[9]
@article{bartholomew2012mariadb,
  title={MariaDB vs. MySQL},
  author={Bartholomew, Daniel},
  journal={Dostopano},
  volume={7},
  number={10},
  pages={2014},
  year={2012}
}%[10]
@inproceedings{boicea2012mongodb,
  title={MongoDB vs Oracle-Database Comparison.},
  author={Boicea, Alexandru and Radulescu, Florin and Agapin, Laura Ioana},
  booktitle={EIDWT},
  pages={330--335},
  year={2012}
}%[11]
@book{momjian2001postgresql,
  title={PostgreSQL: introduction and concepts},
  author={Momjian, Bruce},
  volume={192},
  year={2001},
  publisher={Addison-Wesley New York}
}%[12]
@inproceedings{agrawal2005database,
  title={Database tuning advisor for microsoft SQL server 2005: demo},
  author={Agrawal, Sanjay and Chaudhuri, Surajit and Kollar, Lubor and Marathe, Arun and Narasayya, Vivek and Syamala, Manoj},
  booktitle={Proceedings of the 2005 ACM SIGMOD international conference on Management of data},
  pages={930--932},
  year={2005},
  organization={ACM}
}%[13]
@article{mansour2011era,
  title={ERA: efficient serial and parallel suffix tree construction for very long strings},
  author={Mansour, Essam and Allam, Amin and Skiadopoulos, Spiros and Kalnis, Panos},
  journal={Proceedings of the VLDB Endowment},
  volume={5},
  number={1},
  pages={49--60},
  year={2011},
  publisher={VLDB Endowment}
}%[14]
@misc{HashAggregate15,
author = {Craig Freedman},
title = {Hash Aggregate},
howpublished = {\url{https://blogs.msdn.microsoft.com/craigfr/2006/09/20/hash-aggregate/}},
year = {2006}
}%[15]
@article{Lejsek2009NV,
  title={NV-tree: an efficient disk-based index for approximate search in very large high-dimensional collections},
  author={Lejsek, H and Asmundsson, F. H. and Bt, J¨®nsson and Amsaleg, L},
  journal={IEEE Transactions on Pattern Analysis \& Machine Intelligence},
  volume={31},
  number={5},
  pages={869-883},
  year={2009},
}%[16]
@article{gedik2014partitioning,
  title={Partitioning functions for stateful data parallelism in stream processing},
  author={Gedik, Bu{\u{g}}ra},
  journal={The VLDB Journal},
  volume={23},
  number={4},
  pages={517--539},
  year={2014},
  publisher={Springer}
}%[17]
@article{marsaglia2004evaluating,
  title={Evaluating the normal distribution},
  author={Marsaglia, George and others},
  journal={Journal of Statistical Software},
  volume={11},
  number={4},
  pages={1--7},
  year={2004},
  publisher={American Statistical Association}
}%[18]
@article{rootzen2006multivariate,
  title={Multivariate generalized Pareto distributions},
  author={Rootz{\'e}n, Holger and Tajvidi, Nader},
  journal={Bernoulli},
  pages={917--930},
  year={2006},
  publisher={JSTOR}
}%[19]
@article{minka2002estimating,
  title={Estimating a Gamma distribution},
  author={Minka, Thomas P},
  journal={Microsoft Research, Cambridge, UK, Tech. Rep},
  year={2002}
}%[20]
%Apache Software Foundation. Mahout. http://
%mahout.apache.org/, 2010.
@misc{Mahout,
author = {Apache Software Foundation },
title = {Mahout},
howpublished = {\url{http://mahout.apache.org/}},
year = {2010}
}%[21]
@inproceedings{yu2009distributed,
  title={Distributed aggregation for data-parallel computing: interfaces and implementations},
  author={Yu, Yuan and Gunda, Pradeep Kumar and Isard, Michael},
  booktitle={Proceedings of the ACM SIGOPS 22nd symposium on Operating systems principles},
  pages={247--260},
  year={2009},
  organization={ACM}
}%[22]
@inproceedings{shvachko2010hadoop,
  title={The hadoop distributed file system},
  author={Shvachko, Konstantin and Kuang, Hairong and Radia, Sanjay and Chansler, Robert},
  booktitle={Mass storage systems and technologies (MSST), 2010 IEEE 26th symposium on},
  pages={1--10},
  year={2010},
  organization={IEEE}
}%[23]
@article{lin2011tenzing,
  title={Tenzing a sql implementation on the mapreduce framework},
  author={Lin, Liang and Lychagina, Vera and Liu, Weiran and Kwon, Younghee and Mittal, Sagar and Wong, Michael},
  year={2011},
  publisher={Citeseer}
}%[24]
@inproceedings{amur2013memory,
  title={Memory-efficient groupby-aggregate using compressed buffer trees},
  author={Amur, Hrishikesh and Richter, Wolfgang and Andersen, David G and Kaminsky, Michael and Schwan, Karsten and Balachandran, Athula and Zawadzki, Erik},
  booktitle={Proceedings of the 4th annual Symposium on Cloud Computing},
  pages={18},
  year={2013},
  organization={ACM}
}%[25]
@article{arge2003buffer,
  title={The buffer tree: A technique for designing batched external data structures},
  author={Arge, Lars},
  journal={Algorithmica},
  volume={37},
  number={1},
  pages={1--24},
  year={2003},
  publisher={Springer}
}%[26]
@inproceedings{Bratbergsengen1984Hashing,
  title={Hashing Methods and Relational Algebra Operations.},
  author={Bratbergsengen, Kjell},
  booktitle={Tenth International Conference on Very Large Data Bases, August 27-31, 1984, Singapore, Proceedings},
  pages={323-333},
  year={1984},
}%27
@article{Hellerstein1996Query,
  title={Query execution techniques for caching expensive methods},
  author={Hellerstein, Joseph M. and Naughton, Jeffrey F.},
  journal={Acm Sigmod Record},
  volume={25},
  number={2},
  pages={423-434},
  year={1996},
}%28
@inproceedings{rivetti2015efficient,
  title={Efficient key grouping for near-optimal load balancing in stream processing systems},
  author={Rivetti, Nicol{\'o} and Querzoni, Leonardo and Anceaume, Emmanuelle and Busnel, Yann and Sericola, Bruno},
  booktitle={Proceedings of the 9th ACM International Conference on Distributed Event-Based Systems},
  pages={80--91},
  year={2015},
  organization={ACM}
}%29
@inproceedings{Rivetti2016Online,
  title={Online Scheduling for Shuffle Grouping in Distributed Stream Processing Systems},
  author={Rivetti, Nicol and Anceaume, Emmanuelle and Busnel, Yann and Querzoni, Leonardo and Sericola, Bruno},
  booktitle={International MIDDLEWARE Conference},
  pages={11},
  year={2016},
}%30
@misc{storm2013storm,
  title={Storm, distributed and fault-tolerant realtime computation},
  author={Storm, Apache},
  year={2013}
}
@inproceedings{neumeyer2010s4,
  title={S4: Distributed stream computing platform},
  author={Neumeyer, Leonardo and Robbins, Bruce and Nair, Anish and Kesari, Anand},
  booktitle={Data Mining Workshops (ICDMW), 2010 IEEE International Conference on},
  pages={170--177},
  year={2010},
  organization={IEEE}
}
@article{noghabi2017samza,
  title={Samza: stateful scalable stream processing at LinkedIn},
  author={Noghabi, Shadi A and Paramasivam, Kartik and Pan, Yi and Ramesh, Navina and Bringhurst, Jon and Gupta, Indranil and Campbell, Roy H},
  journal={Proceedings of the VLDB Endowment},
  volume={10},
  number={12},
  pages={1634--1645},
  year={2017},
  publisher={VLDB Endowment}
}
@article{Xiao2014Nondeterminism,
  title={Nondeterminism in MapReduce considered harmful? an empirical study on non-commutative aggregators in MapReduce programs},
  author={Xiao, Tian and Zhang, Jiaxing and Zhou, Hucheng and Guo, Zhenyu and Mcdirmid, Sean and Lin, Wei and Chen, Wenguang and Zhou, Lidong},
  journal={(icse seip) software engineering in practice},
  year={2014},
}
@inproceedings{Raychev2015Parallelizing,
  title={Parallelizing user-defined aggregations using symbolic execution},
  author={Raychev, Veselin and Musuvathi, Madanlal and Mytkowicz, Todd},
  booktitle={Symposium on Operating Systems Principles},
  pages={153-167},
  year={2015},
}
@inproceedings{Li2011A,
  title={A platform for scalable one-pass analytics using MapReduce},
  author={Li, Boduo and Mazur, Edward and Diao, Yanlei and Mcgregor, Andrew and Shenoy, Prashant},
  booktitle={ACM SIGMOD International Conference on Management of Data},
  pages={985-996},
  year={2011},
}
